<record><leader>00000cas a2200000 a 4500</leader><controlfield tag="001">25693299</controlfield><controlfield tag="008">920422d1uuu1906iluwr ne      0   a0eng c</controlfield><datafield ind1=" " ind2=" " tag="010"><subfield code="a">sn 92054561 </subfield></datafield><datafield ind1=" " ind2=" " tag="040"><subfield code="a">NVF</subfield><subfield code="b">eng</subfield><subfield code="c">NVF</subfield><subfield code="d">NVF</subfield><subfield code="d">OCLCQ</subfield><subfield code="d">NVF</subfield><subfield code="d">OCLCO</subfield><subfield code="d">OCLCF</subfield></datafield><datafield ind1=" " ind2=" " tag="042"><subfield code="a">pcc</subfield></datafield><datafield ind1=" " ind2=" " tag="043"><subfield code="a">n-us-il</subfield></datafield><datafield ind1="0" ind2=" " tag="130"><subfield code="a">Mt. Sterling examiner (Mount Sterling, Ill. : 1901)</subfield></datafield><datafield ind1="1" ind2="4" tag="245"><subfield code="a">The Mt. Sterling examiner.</subfield></datafield><datafield ind1="3" ind2=" " tag="246"><subfield code="a">Mount Sterling examiner</subfield></datafield><datafield ind1=" " ind2=" " tag="260"><subfield code="a">Mt. Sterling, Ill. :</subfield><subfield code="b">C.W. Stinson</subfield></datafield><datafield ind1=" " ind2=" " tag="300"><subfield code="a">v.</subfield></datafield><datafield ind1=" " ind2=" " tag="310"><subfield code="a">Weekly</subfield></datafield><datafield ind1="1" ind2=" " tag="362"><subfield code="a">Ceased in Sept. 1906.</subfield></datafield><datafield ind1=" " ind2=" " tag="588"><subfield code="a">Description based on: Vol. 13, no. 41 (May 11, 1901).</subfield></datafield><datafield ind1=" " ind2=" " tag="588"><subfield code="a">Latest issue consulted: June 1, 1906.</subfield></datafield><datafield ind1=" " ind2="0" tag="651"><subfield code="a">Mount Sterling (Ill.)</subfield><subfield code="v">Newspapers.</subfield></datafield><datafield ind1=" " ind2="7" tag="655"><subfield code="a">Newspapers.</subfield><subfield code="2">fast</subfield><subfield code="0">(OCoLC)fst01423814</subfield></datafield><datafield ind1=" " ind2="7" tag="651"><subfield code="a">Illinois</subfield><subfield code="z">Mount Sterling.</subfield><subfield code="2">fast</subfield><subfield code="0">(OCoLC)fst01883499</subfield></datafield><datafield ind1=" " ind2=" " tag="752"><subfield code="a">United States</subfield><subfield code="b">Illinois</subfield><subfield code="c">Brown</subfield><subfield code="d">Mount Sterling.</subfield></datafield><datafield ind1="0" ind2="0" tag="780"><subfield code="t">Examiner (Mount Sterling, Ill.)</subfield><subfield code="w">(DLC)sn 92054560</subfield><subfield code="w">(OCoLC)25693230</subfield></datafield><datafield ind1="0" ind2="5" tag="785"><subfield code="t">Brown County Republican (Mount Sterling, Ill.)</subfield><subfield code="w">(DLC)sn 92054558</subfield><subfield code="w">(OCoLC)25693344</subfield></datafield><datafield ind1="0" ind2="5" tag="785"><subfield code="t">Democrat-message</subfield><subfield code="w">(DLC)sn 92054556</subfield><subfield code="w">(OCoLC)25692596</subfield></datafield></record>